
 
@online{1,
	ALTauthor = { stanDAP - Herb},
	title = {Hier ist ein Eingang f√ºr diesen Projekt.},
	url = {http://wiki.bgbm.org/standapherb/index.php/Main_Page},
}
@misc{2,
	author = {Agnes Kirchhoff},
	title = {Herbarbeleg\_Objekte},
	year = {2015},
	note = {[Online; accessed 18 August 2015]},
	url = {http://wiki.bgbm.org/standapherb/index.php/File:Herbarbeleg_Objekte.JPG},
}
